@Inbook{ref1,
editor="Furht, Borko",
title="Huffman Coding",
bookTitle="Encyclopedia of Multimedia",
year="2006",
publisher="Springer US",
address="Boston, MA",
pages="278--280",
isbn="978-0-387-30038-2",
doi="10.1007/0-387-30038-4_92",
url="https://doi.org/10.1007/0-387-30038-4_92"
}
@misc{ ASCII,
   author = "Computer Science Wiki",
   title = "ASCII --- Computer Science Wiki{,} ",
   year = "2019",
   url = "https://computersciencewiki.org/index.php?title=ASCII&oldid=10225",
   note = "[Online; accessed 29-May-2020]"
 }
@misc{ PGM,
    author = "{Wikipedia contributors}",
    title = "PGM --- {Wikipedia}{,} The Free Encyclopedia",
    year = "2019",
    url = "https://en.wikipedia.org/w/index.php?title=PGM&oldid=923847936",
    note = "[Online; accessed 29-May-2020]"
  }
@misc{ PGMB,
    author = "{people.sc.fsu.edu}",
    title = "Binary Portable Gray Map Graphics Files{,}",
    year = "201q",
    url = "https://people.sc.fsu.edu/~jburkardt/data/pgmb/pgmb.html",
    note = "[Online; accessed 29-May-2020]"
  }